<?xml version="1.0" encoding="UTF-8"?><collection xmlns="http://www.loc.gov/MARC21/slim"><record><leader>00499nam--2200157-i-4500</leader><controlfield tag="001">000003405</controlfield><controlfield tag="002">20161230</controlfield><controlfield tag="005">20170224002702</controlfield><controlfield tag="008">060222s1000------------r-----000-0-eng-d</controlfield><datafield ind1=" " ind2=" " tag="100"><subfield code="a">Bergmann, L</subfield></datafield><datafield ind1=" " ind2=" " tag="245"><subfield code="a">Lehrbuch der experimentalphysik zum gebrauch bei akademischen vorkesungen ... 2 und 3 durch gesehene auflage. Band I: Mechanik-akustik. Warmelehre</subfield></datafield><datafield ind1=" " ind2=" " tag="260"><subfield code="a">Berlin</subfield><subfield code="b">Gruyter</subfield><subfield code="c">1945</subfield></datafield><datafield ind1=" " ind2=" " tag="300"><subfield code="a">VIII + 622 p</subfield></datafield><datafield ind1=" " ind2=" " tag="700"><subfield code="a">Schaefer, Clemens</subfield></datafield><datafield ind1=" " ind2=" " tag="852"><subfield code="a">651</subfield></datafield><datafield ind1=" " ind2=" " tag="CAT"><subfield code="a">SYS</subfield><subfield code="c">20170224</subfield><subfield code="h">002702</subfield></datafield></record></collection>